@book{Abbott,
	author={Stephen Abbot},
	title={Understanding Analysis},
	year={2002},
	edition={2nd},
	publisher={Springer-Verlag},
	series={Undergraduate Texts in Mathematics},
	isbn={978-0387950600}
}

@book{Axler,
	author = {Sheldon Axler},
	title = {Linear Algebra Done Right},
	date = {2015},
	series = {Undergraduate Texts in Mathematics},
	publisher = {Springer-Verlag}
}

@online{Conrad,
	author = {Keith Conrad},
	title = {Zorn's Lemma and some applications},
	date = {2017},
	url = {http://www.math.uconn.edu/~kconrad/blurbs/zorn1.pdf},
	organization = {University of Connecticut},
	urldate = {2017-06-20}
}

@book{Dummit,
	author = {David S.~Dummit and Richard M.~Foote},
	title = {Abstract Algebra},
	date = {2004},
	edition = {3},
	publisher = {John Wiley \& Sons, Inc.},
	isbn = {0-471-43334-9}
}


@online{Grayson,
	author={Daniel R. Grayson},
	title={Zorn's Lemma},
	year={2007},
	url={http://www.math.uiuc.edu/~dan/ShortProofs/Zorn.pdf}
}

@online{Honig,
	author={Chaim Samuel H\"{o}nig},
	title={Proof of the well-ordering of cardinal numbers},
	data={1953-06-28},
	url={http://www.ams.org/journals/proc/1954-005-02/S0002-9939-1954-0060558-3/S0002-9939-1954-0060558-3.pdf}
}

@book{Lam,
	author = {T.~Y.~Lam},
	title = {A Course in Noncommutative Rings},
	date = {1991},
	series = {Graduate Texts in Mathematics},
	publisher = {Springer-Verlag}
}


@book{Lay,
	author = {David C.~Lay},
	title = {Linear Algebra and its applications},
	date = {2012},
	edition = {4},
	publisher = {Addison-Wesley},
	isbn = {978-0-321-38517-8}
}
